@article{controller_worker,
  author       = {Microsoft},
  title        = {Microsoft Style Guide, A-Z Word List and Term Collections, Master/Slave},
  howpublished = {\url{https://learn.microsoft.com/en-us/style-guide/a-z-word-list-term-collections/m/master-slave}},
  note         = {Acessado em 06/12/2023},
  year         = {2022},
  month        = {Junho},
  day          = {24}
}
